 -*-bibtex-*-
@string{AA = "American Anthropologist"}
@string{AB = "Animal Behaviour"}
@string{AE = "Annals of Eugenics"}
@string{AER = "The American Economic Review"}
@string{AHG = "Annals of Human Genetics"}
@string{AJHB = "American Journal of Human Biology"}
@string{AJHG = "American Journal of Human Genetics"}
@string{AJMG = "American Journal of Medical Genetics"}
@string{AJPA = "American Journal of Physical Anthropology"}
@string{ARA = "Annual Review of Anthropology"}
@string{ARES = "Annual Review of Ecology and Systematics"}
@string{AS = "The American Statistician"}
@string{AmAntiq = "American Antiquity"}
@string{AmNat = "American Naturalist"}
@string{BBS = "Behavior and Brain Sciences"}
@string{BE = "Behavioral Ecology"}
@string{BES = "Behavioural Ecology and Sociobiology"}
@string{CA = "Current Anthropology"}
@string{CSHSQB = "Cold Spring Harbor Symposia on Quantitative Biology"}
@string{EA = "Evolutionary Anthropology"}
@string{Ecol = "Ecology"}
@string{EconPoli = "Economics and Politics"}
@string{EE = "Evolutionary Ecology"}
@string{EconLett = "Economic Letters"}
@string{ES = "Ethology and Sociobiology"}
@string{GenetRes = "Genetical Research"}
@string{Genet = "Genetics"}
@string{HB = "Human Biology"}
@string{JAE = "Journal of Animal Ecology"}
@string{JAA = "Journal of Anthropological Archaeology"}
@string{JAR = "Journal of Anthropological Research"}
@string{JASA = "Journal of the American Statistical Association"}
@string{JEAB = "Journal of the Experimental Analysis of Behavior"}
@string{JRSSB = "Journal of the Royal Statistical Society, Series~B"}
@string{JEDC = "Journal of Economic Dynamics and Control"}
@string{JHE = "Journal of Human Evolution"}
@string{JMB = "Journal of Mathematical Biology"}
@string{JME = "Journal of Molecular Evolution"}
@string{JNCI = "Journal of the National Cancer Institute"}
@string{JolEconLitt = "Journal of Economic Literature"}
@string{JPE = "Journal of Political Economy"}
@string{JRU = "Journal of Risk and Uncertainty"}
@string{JSBS = "Journal of Social and Biological Structures"}
@string{JTB = "Journal of Theoretical Biology"}
@string{MS = "Management Science"}
@string{MBE = "Molecular Biology and Evolution"}
@string{PNAS = "Proceedings of the National Academy of Sciences, USA"}
@string{PRSL = "Proceedings of the Royal Society of London"}
@string{PRSB = "Proceedings of the Royal Society of London, Series B"}
@string{PTRSB = "Philosophical Transactions of the Royal Society, Series {B}"}
@string{QJE = "Quarterly Journal of Economics"}
@string{QRB = "Quarterly Review of Biology"}
@string{QREF = "Quarterly Review of Economics and Finance"}
@string{RES = "Review of Economic Studies"}
@string{TPB = "Theoretical Population Biology"}
@string{YPA = "Yearbook of Physical Anthropology"}
