@Article{Gibbons:S-262-27,
  author = 	 "Gibbons, Ann",
  title = 	 "Pleistocene Population Explosions",
  journal = 	 "Science",
  year = 	 1993,
  volume = 	 262,
  pages = 	 "27--28",
  access = "onfile",
  keywords = "mismatch distribution, pairwise, Rogers, Harpending"
}

@Article{Harpending:CA-34-483,
  author = 	 "Harpending, Henry C. and Stephen T. Sherry and Alan
		  R. Rogers and Mark Stoneking", 
  title = 	 "The Genetic Structure of Ancient Human Populations",
  journal = 	 CA,
  year = 	 1993,
  volume = 	 34,
  pages = 	 "483--496",
  access = "onfile"
}

@InCollection{Ewens:RoleOfModels,
  author = 	"Ewens, Warren J.",
  title = 	"The Role of Models in the Analysis of Molecular
		 Genetic DAta, with Particular Reference to
		 Restriction Fragment Data",
  booktitle = 	"Statistical Analysis of {DNA} Sequence Data",
  publisher = 	"Marcel Dekker",
  year = 	"1983",
  editor = 	"Bruce S. Weir",
  pages = 	"45--73",
  address = 	"New York",
}

@Article{Harpending:HB-66-591,
  author = 	 "Harpending, Henry",
  title = 	 "Signature of Ancient Population Growth in a Low
		  Resolution Mitochondrial {DNA} Mismatch Distribution",
  journal = 	 "Human Biology",
  year = 	 1994,
  volume = 	 66,
  number =        4,
  pages = 	 "591--600",
}

@Book{Lamport:LDP-94,
  author = 	"Lamport, Leslie",
  title = 	"\LaTeX: A Document Preparation System",
  publisher = 	"Addison-Wesley",
  year = 	"1994",
  address = 	"Menlo Park, CA",
  edition =     "2nd"
}

@Article{Rogers:MBE-9-552,
  author = 	 "Rogers, Alan R. and Henry C. Harpending",
  title = 	 "Population Growth Makes Waves in the Distribution of
		 Pairwise Genetic Differences",
  journal = 	 MBE,
  year = 	 1992,
  volume = 	 9,
  pages = 	 "552--569"
}

@Article{Rogers:MBE-9-1181,
  author = 	"Alan R. Rogers",
  title = 	"Error Introduced by the Infinite Sites Model",
  year = 	1992,
  journal = 	MBE,
  volume = 	9,
  pages = 	"1181--1184",
}

@Article{Rogers:E-49-608,
  author = 	 "Alan R. Rogers",
  title = 	 "Genetic Evidence for a {P}leistocene Population Explosion",
  journal =	 "Evolution",
  year =	 1995,
  volume =	 49,
  number =	 4,
  pages =	 "608--615",
  month =	 "August",
  keywords = "mismatch, pairwise, modern humans"
}

@Article{Rogers:HB-67-1,
  author = 	 "Rogers, Alan R. and Lynn B. Jorde",
  title = 	 "Genetic Evidence on Modern Human Origins",
  year =         1995,
  journal =	 HB,
  volume =	 67,
  number =	 1,
  pages =	 "1--36",
  month = 	 "February",
}

@InCollection{Rogers:PPG-97-55,
  author = 	 "Rogers, Alan R.",
  title = 	 "Population Structure and Modern Human Origins",
  year = 	 "1997",
  booktitle =    "Progress in Population Genetics and Human Evolution",
  publisher = 	 "Springer-Verlag",
  pages =        "55--79",
  editor =	 "Peter J. Donnelly and Tavar\'e, Simon",
  address =	 "New York",
}

@Book{Wichura:PM-87,
  author = 	 "Wichura, Michael J.",
  title = 	 "The PiCTeX Manual",
  publisher = 	 "\TeX\ Users Group",
  year = 	 1987,
  number =	 6,
  series =	 "\TeX{}niques: Publications for the \TeX\ Community",
  address =	 "P.O.\ Box 9506, Providence, R.I.\ 02940, USA"
}

@Article{Rogers:MBE-13-895,
  author = 	 "Rogers, Alan R.",
  title = 	 "Mitochondrial Mismatch Analysis is Insensitive to
		  the Mutational Process",
  year =	 1996,
  journal =      MBE,
  volume =       13,
  number =        7,
  pages =         "895--902",
  access = "onfile" 		   
}

@InCollection{Hudson:OSE-7-1,
  author = 	 "Hudson, Richard R.",
  title = 	 "Gene Genealogies and the Coalescent Process",
  booktitle = "Oxford Surveys in Evolutionary Biology",
  publisher = "Oxford University Press",
  year = 	 1990,
  editor = 	 "Douglas Futuyma and Janis Antonovics",
  volume = 	 7,
  pages = 	 "1--44",
  address = 	 "Oxford"
}

@Article{Kimura:TPB-2-174,
  author = 	"Kimura, Motoo",
  title = 	"Theoretical Foundation of Population Genetics at the
		 Molecular Level",
  journal = 	TPB,
  year = 	"1971",
  volume = 	"2",
  pages = 	"174--208",
}

